<?xml version="1.0" encoding="UTF-8"?>
<record xmlns="http://www.loc.gov/MARC21/slim" xmlns:xsi="http://www.w3.org/2001/XMLSchema-instance" xsi:schemaLocation="http://www.loc.gov/MARC21/slim http://www.loc.gov/standards/marcxml/schema/MARC21slim.xsd">
<leader>     nam a2200385   4500</leader>
<controlfield tag="001">001977452</controlfield>
<controlfield tag="003">NNU</controlfield>
<controlfield tag="005">19940713181853.0</controlfield>
<controlfield tag="008">911118s1973    ir       b    000 0 arar</controlfield>
<datafield tag="010" ind1=" " ind2=" ">
<subfield code="a">79354161</subfield>
</datafield>
<datafield tag="035" ind1="9" ind2=" ">
<subfield code="a">NYUb10924556</subfield>
</datafield>
<datafield tag="035" ind1=" " ind2=" ">
<subfield code="a">(CStRLIN)NYUG91-B65496</subfield>
</datafield>
<datafield tag="035" ind1=" " ind2=" ">
<subfield code="a">GLIS009245563</subfield>
</datafield>
<datafield tag="040" ind1=" " ind2=" ">
<subfield code="a">DLC</subfield>
<subfield code="c">WaU</subfield>
<subfield code="d">m.c.</subfield>
<subfield code="d">CU</subfield>
<subfield code="d">CStRLIN</subfield>
<subfield code="d">NNU</subfield>
</datafield>
<datafield tag="041" ind1="0" ind2=" ">
<subfield code="a">perara</subfield>
</datafield>
<datafield tag="050" ind1="0" ind2=" ">
<subfield code="a">B753</subfield>
<subfield code="b">.M8 1973</subfield>
</datafield>
<datafield tag="090" ind1=" " ind2=" ">
<subfield code="a">B753</subfield>
<subfield code="b">.M8 1973</subfield>
<subfield code="i">11/18/91 CT</subfield>
</datafield>
<datafield tag="100" ind1="1" ind2=" ">
<subfield code="a">Ṣadr al-Dīn Shīrāzī, Muḥammad ibn Ibrāhīm,</subfield>
<subfield code="d">d. 1641.</subfield>
</datafield>
<datafield tag="245" ind1="1" ind2="0">
<subfield code="a">Sih risālah /</subfield>
<subfield code="c">az Muḥammad ibn Ibrāhīm Ṣadr al-Dīn al-Shīrāzī ; bā taʻlīq va taṣḥīḥ̄ va muqaddimah-'i Jalāl al-Dīn Āshtiyānī.</subfield>
</datafield>
<datafield tag="260" ind1=" " ind2=" ">
<subfield code="a">Mashhad :</subfield>
<subfield code="b">Chāpʹkhānah-'i Dānishgāh-i Mashhad,</subfield>
<subfield code="c">1973.</subfield>
</datafield>
<datafield tag="300" ind1=" " ind2=" ">
<subfield code="a">217, 198, [16] p. ;</subfield>
<subfield code="c">24 cm.</subfield>
</datafield>
<datafield tag="490" ind1="1" ind2=" ">
<subfield code="a">Intishārāt-i Dānishkadah-ʼi Ilāhīyat va Maʻārif-i Islāmī-i Mashhad ;</subfield>
<subfield code="v">shumārah-í 5</subfield>
</datafield>
<datafield tag="500" ind1=" " ind2=" ">
<subfield code="a">Added t. p.: Three treatises.</subfield>
</datafield>
<datafield tag="500" ind1=" " ind2=" ">
<subfield code="a">Cover title: Rasā'il-i falsafī.</subfield>
</datafield>
<datafield tag="500" ind1=" " ind2=" ">
<subfield code="a">Texts in Arabic; introd. and notes in Persian; a pref. in English.</subfield>
</datafield>
<datafield tag="504" ind1=" " ind2=" ">
<subfield code="a">Includes bibliographical references.</subfield>
</datafield>
<datafield tag="505" ind1="0" ind2=" ">
<subfield code="a">al-Masā'il al-qudsīyah.--Mutashābihāt al-Qur'ān.--Ajwibat al-masā'il.</subfield>
</datafield>
<datafield tag="600" ind1="1" ind2="0">
<subfield code="a">Ṣadr al-Dīn Shīrāzī, Muḥammad ibn Ibrāhīm,</subfield>
<subfield code="d">d. 1641.</subfield>
</datafield>
<datafield tag="630" ind1="0" ind2="0">
<subfield code="a">Koran</subfield>
<subfield code="x">Criticism, interpretation, etc.</subfield>
</datafield>
<datafield tag="650" ind1=" " ind2="0">
<subfield code="a">Islamic philosophy</subfield>
<subfield code="v">Early works to 1800.</subfield>
</datafield>
<datafield tag="700" ind1="1" ind2=" ">
<subfield code="a">Āshtiyānī, Jalāl al-Dīn.</subfield>
</datafield>
<datafield tag="740" ind1="0" ind2=" ">
<subfield code="a">Rasā'il-i falsafī.</subfield>
</datafield>
<datafield tag="830" ind1=" " ind2="0">
<subfield code="a">Intishārāt-i Dānishkadah-ʼi Ilāhīyat va Maʻārif-i Islāmī-i Mashhad ;</subfield>
<subfield code="v">shumārah-í 5.</subfield>
</datafield>
<datafield tag="OWN" ind1=" " ind2=" ">
<subfield code="a">GENERAL</subfield>
</datafield>
<datafield tag="950" ind1=" " ind2=" ">
<subfield code="l">BMAIN</subfield>
<subfield code="i">11/18/91 C</subfield>
</datafield>
<datafield tag="955" ind1=" " ind2=" ">
<subfield code="l">BMAIN</subfield>
<subfield code="c">1</subfield>
<subfield code="r">015733655</subfield>
<subfield code="i">11/18/91 C</subfield>
</datafield>
<datafield tag="998" ind1=" " ind2=" ">
<subfield code="a">11/18/91</subfield>
<subfield code="t">c</subfield>
<subfield code="s">9115</subfield>
<subfield code="n">NNU</subfield>
<subfield code="w">CUBGGLAD33730517B</subfield>
<subfield code="d">11/18/91</subfield>
<subfield code="c">MG</subfield>
<subfield code="b">MDE</subfield>
<subfield code="i">911118</subfield>
<subfield code="l">NYUG</subfield>
</datafield>
<datafield tag="AVA" ind1=" " ind2=" ">
<subfield code="a">NYU50</subfield>
<subfield code="b">BOBST</subfield>
<subfield code="c">Main Collection</subfield>
<subfield code="d">B753 .M8 1973</subfield>
<subfield code="e">unavailable</subfield>
<subfield code="t">Unavailable</subfield>
<subfield code="f">1</subfield>
<subfield code="g">1</subfield>
<subfield code="h">N</subfield>
<subfield code="i">0</subfield>
<subfield code="j">MAIN</subfield>
<subfield code="k">0</subfield>
</datafield>
</record>
